<record xmlns="http://www.loc.gov/MARC21/slim" xmlns:xsi="http://www.w3.org/2001/XMLSchema-instance" xsi:schemaLocation="http://www.loc.gov/MARC21/slim http://www.loc.gov/standards/marcxml/schema/MARC21slim.xsd"><leader>01023nz   2200169n  4500</leader><controlfield tag="001">oca03894520 </controlfield><controlfield tag="005">19950809054708.5</controlfield><controlfield tag="008">950807n| acannaab|          |a aaa     c</controlfield><datafield ind1=" " ind2=" " tag="010"><subfield code="a">nr 95028966 </subfield></datafield><datafield ind1=" " ind2=" " tag="040"><subfield code="a">NNC</subfield><subfield code="c">NNC</subfield></datafield><datafield ind1="0" ind2=" " tag="100"><subfield code="a">Aufidius Bassus,</subfield><subfield code="d">fl. 1st cent. A.D.</subfield></datafield><datafield ind1="1" ind2=" " tag="400"><subfield code="a">Bassus, Aufidius,</subfield><subfield code="d">fl. 1st cent. A.D.</subfield></datafield><datafield ind1=" " ind2=" " tag="670"><subfield code="a">His Historiae [CF] 1991:</subfield><subfield code="b">PHI CD ROM #5.3, Latin Canon, bibliographic screen (Aufidius Bassus)</subfield></datafield><datafield ind1=" " ind2=" " tag="670"><subfield code="a">Pauly-Wissowa:</subfield><subfield code="b">4. Halbbd., c. 2290-2291; "Aufidius", #15 (Aufidius Bassus; historian; somewhat older than Servilius Nonianus (consul, 35 A.D.; d. 59 A.D.) and seen as an old man by the younger Seneca in  60 A.D.)</subfield></datafield><datafield ind1=" " ind2=" " tag="670"><subfield code="a">Oxford class. dict., 1st ed.:</subfield><subfield code="b">p. 120 (Aufidius Bassus; fl. 1st c. A.D.; the Imperial historian; wrote on the German wars and a history of his own time; finished by Pliny the Elder)</subfield></datafield><datafield ind1=" " ind2=" " tag="670"><subfield code="a">Dict. of Greek and Roman biography and mythology, 1967:</subfield><subfield code="b">v. 1, p. 471 (Bassus, Aufidius; orator and historian; lived under Augustus and Tiberius)</subfield></datafield><datafield ind1=" " ind2=" " tag="675"><subfield code="a">NUC pre-56.</subfield></datafield></record>